% Encoding: UTF-8

@InProceedings{Winery,
  author    = {Oliver Kopp and others},
  title     = {Winery -- A Modeling Tool for {TOSCA}-based Cloud Applications},
  booktitle = {Proceedings of 11\textsuperscript{th} International Conference on Service-Oriented Computing (ICSOC'13)},
  year      = {2013},
  volume    = {8274},
  series    = {LNCS},
  pages     = {700--704},
  publisher = {Springer Berlin Heidelberg},
  doi       = {10.1007/978-3-642-45005-1_64},
  keywords  = {Cloud Applications; Modeling; TOSCA; Management; Portability},
}

@TechReport{Inception_paper,
	author 		= {Christian Szegedy and Wei Liu and Yangqing Jia and Pierre Sermanet and Scott Reed and Dragomir Anguelov and Dumitru Erhan and Vincent Vanhoucke and Andrew Rabinovich},
	title 		= {Going Deeper with Convolutions},
	year 		= {2015},
	institution = {Google Inc. and University of North Carolina, Chapel Hill and University of Michigan, Ann Arbor and Magic Leap Inc}
}

@Comment{jabref-meta: databaseType:bibtex;}
